[gd_scene load_steps=15 format=3 uid="uid://d26y3wql80sqq"]

[ext_resource type="Script" path="res://Game/Player/player.gd" id="1_wr8xe"]
[ext_resource type="Texture2D" uid="uid://dtwuseyrfars2" path="res://Game/Art/vector_line_4.tres" id="2_rbbwd"]
[ext_resource type="Script" path="res://Game/Art/vector_line.gd" id="3_soji6"]
[ext_resource type="Gradient" uid="uid://lk45wm6serqp" path="res://Game/Art/vector_line_cap.tres" id="4_eifs5"]
[ext_resource type="Script" path="res://Game/Player/mineral_collector.gd" id="5_dly8u"]
[ext_resource type="PackedScene" uid="uid://bqfiyiv36nvyd" path="res://Game/Player/Weapons/temp_rifle.tscn" id="6_d8jj1"]

[sub_resource type="CanvasItemMaterial" id="CanvasItemMaterial_6rwmj"]

[sub_resource type="Curve" id="Curve_fywqj"]
_data = [Vector2(1, 1), 0.0, 0.0, 0, 0]
point_count = 1

[sub_resource type="Curve" id="Curve_dm42n"]
_data = [Vector2(1, 1), 0.0, 0.0, 0, 0]
point_count = 1

[sub_resource type="Animation" id="Animation_vsmpe"]
length = 0.001
tracks/0/type = "value"
tracks/0/imported = false
tracks/0/enabled = true
tracks/0/path = NodePath("Thrust1:visible")
tracks/0/interp = 1
tracks/0/loop_wrap = true
tracks/0/keys = {
"times": PackedFloat32Array(0),
"transitions": PackedFloat32Array(1),
"update": 1,
"values": [false]
}
tracks/1/type = "value"
tracks/1/imported = false
tracks/1/enabled = true
tracks/1/path = NodePath("Thrust2:visible")
tracks/1/interp = 1
tracks/1/loop_wrap = true
tracks/1/keys = {
"times": PackedFloat32Array(0),
"transitions": PackedFloat32Array(1),
"update": 1,
"values": [false]
}

[sub_resource type="Animation" id="Animation_foalh"]
resource_name = "Thrust"
length = 0.2
loop_mode = 1
tracks/0/type = "value"
tracks/0/imported = false
tracks/0/enabled = true
tracks/0/path = NodePath("Thrust1:visible")
tracks/0/interp = 1
tracks/0/loop_wrap = true
tracks/0/keys = {
"times": PackedFloat32Array(0, 0.1),
"transitions": PackedFloat32Array(1, 1),
"update": 1,
"values": [true, false]
}
tracks/1/type = "value"
tracks/1/imported = false
tracks/1/enabled = true
tracks/1/path = NodePath("Thrust2:visible")
tracks/1/interp = 1
tracks/1/loop_wrap = true
tracks/1/keys = {
"times": PackedFloat32Array(0, 0.1, 0.2),
"transitions": PackedFloat32Array(1, 1, 1),
"update": 1,
"values": [false, true, false]
}

[sub_resource type="AnimationLibrary" id="AnimationLibrary_kte2w"]
_data = {
"RESET": SubResource("Animation_vsmpe"),
"Thrust": SubResource("Animation_foalh")
}

[sub_resource type="CircleShape2D" id="CircleShape2D_xwa3b"]
radius = 128.0

[sub_resource type="CircleShape2D" id="CircleShape2D_kbukp"]
radius = 64.0

[node name="PlayerDart" type="CharacterBody2D" groups=["GameEvents"]]
collision_layer = 3
script = ExtResource("1_wr8xe")
speed = 700
rotation_speed = 4
friction = 0.5

[node name="Collider" type="CollisionPolygon2D" parent="."]
visible = false
polygon = PackedVector2Array(-64, -32, 60, 0, -64, 32)

[node name="Camera2D" type="Camera2D" parent="."]
material = SubResource("CanvasItemMaterial_6rwmj")
limit_smoothed = true
drag_horizontal_enabled = true
drag_vertical_enabled = true
editor_draw_drag_margin = true

[node name="AudioListener2D" type="AudioListener2D" parent="Camera2D"]
process_mode = 3
current = true

[node name="Body" type="Line2D" parent="."]
points = PackedVector2Array(-64, -32, 64, 0, -64, 32)
width = 6.0
width_curve = SubResource("Curve_fywqj")
texture = ExtResource("2_rbbwd")
texture_mode = 2
joint_mode = 2
begin_cap_mode = 2
end_cap_mode = 2
script = ExtResource("3_soji6")
line_style = 3

[node name="CrossBar" type="Line2D" parent="Body"]
points = PackedVector2Array(-48, -29, -48, -27, -48, 27, -48, 29)
width = 6.0
width_curve = SubResource("Curve_dm42n")
gradient = ExtResource("4_eifs5")
texture = ExtResource("2_rbbwd")
texture_mode = 2
joint_mode = 2
begin_cap_mode = 2
end_cap_mode = 2
script = ExtResource("3_soji6")
line_style = 3
smooth_ends = true

[node name="Thruster" type="Node2D" parent="."]

[node name="Anim" type="AnimationPlayer" parent="Thruster"]
libraries = {
"": SubResource("AnimationLibrary_kte2w")
}

[node name="Thrust1" type="Line2D" parent="Thruster"]
visible = false
points = PackedVector2Array(-56, -26, -78, 0, -56, 26)
width = 6.0
texture = ExtResource("2_rbbwd")
texture_mode = 2
joint_mode = 2
begin_cap_mode = 2
end_cap_mode = 2
script = ExtResource("3_soji6")
line_style = 3

[node name="Thrust2" type="Line2D" parent="Thruster"]
visible = false
points = PackedVector2Array(-56, -26, -92, -12, -88, -8, -108, 0, -88, 8, -92, 12, -56, 26)
width = 6.0
texture = ExtResource("2_rbbwd")
texture_mode = 2
joint_mode = 2
begin_cap_mode = 2
end_cap_mode = 2
script = ExtResource("3_soji6")
line_style = 3

[node name="MineralCollector" type="Node2D" parent="." groups=["GameEvents"]]
script = ExtResource("5_dly8u")

[node name="Attractor" type="Area2D" parent="MineralCollector"]
collision_layer = 0
collision_mask = 4
monitoring = false
monitorable = false
gravity_space_override = 3
gravity_point = true
gravity_point_center = Vector2(0, 0)
gravity_direction = Vector2(0, 0)
gravity = 2000.0

[node name="CollisionShape2D" type="CollisionShape2D" parent="MineralCollector/Attractor"]
shape = SubResource("CircleShape2D_xwa3b")

[node name="MineralDetect" type="Area2D" parent="MineralCollector"]
collision_layer = 0
collision_mask = 4
monitorable = false

[node name="CollisionShape2D" type="CollisionShape2D" parent="MineralCollector/MineralDetect"]
shape = SubResource("CircleShape2D_kbukp")

[node name="Damage_Zone" type="Area2D" parent="."]
collision_layer = 0
collision_mask = 80

[node name="Collider" type="CollisionPolygon2D" parent="Damage_Zone"]
polygon = PackedVector2Array(-64, -32, 60, 0, -64, 32)

[node name="TempRifle" parent="." instance=ExtResource("6_d8jj1")]
position = Vector2(-33, 0)

[connection signal="body_entered" from="MineralCollector/MineralDetect" to="." method="_on_mineral_detect_body_entered"]
[connection signal="body_entered" from="Damage_Zone" to="." method="_on_damage_zone_body_entered"]
