[gd_scene load_steps=8 format=3 uid="uid://bfeqnixrprdhx"]

[ext_resource type="Texture2D" uid="uid://cgmyeebwoqsxu" path="res://Game/Art/vector_line_3.tres" id="1_gnrru"]
[ext_resource type="Script" path="res://Game/Art/vector_line.gd" id="2_hx3xi"]

[sub_resource type="CanvasItemMaterial" id="CanvasItemMaterial_rvv2y"]
blend_mode = 1

[sub_resource type="Curve" id="Curve_8x6g0"]
_data = [Vector2(1, 1), 0.0, 0.0, 0, 0]
point_count = 1

[sub_resource type="GDScript" id="GDScript_bupvh"]
script/source = "extends VectorLine2D

## Emitted when the asteroid health reaches zero. Enemy is emitting death particles.
signal destroyed
## Emitted once the death animation is complete. Enemy is ready to be destroyed or pooled.
signal free_ready

# Called when the node enters the scene tree for the first time.
func _ready():
	await get_tree().create_timer(randf_range(1, 10), false).timeout
	destroyed.emit()
	free_ready.emit()
"

[sub_resource type="Curve" id="Curve_pr36h"]
_data = [Vector2(1, 1), 0.0, 0.0, 0, 0]
point_count = 1

[sub_resource type="Curve" id="Curve_d1nry"]
_data = [Vector2(1, 1), 0.0, 0.0, 0, 0]
point_count = 1

[node name="Shape" type="Line2D"]
material = SubResource("CanvasItemMaterial_rvv2y")
points = PackedVector2Array(-24, -36, -16, -36, -16, -28, -8, -28, -8, -20, 16, -20, 16, -28, 24, -28, 24, -36, 32, -36, 32, -28, 24, -28, 24, -20, 48, -4, 48, 20, 40, 20, 40, 4, 32, 4, 32, 20, 24, 28, 8, 28, 8, 20, 24, 20, 24, 12, -16, 12, -16, 20, 0, 20, 0, 28, -16, 28, -24, 20, -24, 4, -32, 4, -32, 20, -40, 20, -40, -4, -16, -20, -16, -28, -24, -28)
closed = true
width = 4.0
width_curve = SubResource("Curve_8x6g0")
texture = ExtResource("1_gnrru")
texture_mode = 2
joint_mode = 2
begin_cap_mode = 2
end_cap_mode = 2
script = SubResource("GDScript_bupvh")
line_style = 2
metadata/_edit_group_ = true

[node name="Eye" type="Line2D" parent="."]
material = SubResource("CanvasItemMaterial_rvv2y")
points = PackedVector2Array(-16, -12, -8, -12, -8, -4, -16, -4)
closed = true
width = 4.0
width_curve = SubResource("Curve_pr36h")
texture = ExtResource("1_gnrru")
texture_mode = 2
joint_mode = 2
begin_cap_mode = 2
end_cap_mode = 2
script = ExtResource("2_hx3xi")
line_style = 2

[node name="Eye2" type="Line2D" parent="."]
material = SubResource("CanvasItemMaterial_rvv2y")
points = PackedVector2Array(16, -12, 24, -12, 24, -4, 16, -4)
closed = true
width = 4.0
width_curve = SubResource("Curve_d1nry")
texture = ExtResource("1_gnrru")
texture_mode = 2
joint_mode = 2
begin_cap_mode = 2
end_cap_mode = 2
script = ExtResource("2_hx3xi")
line_style = 2
